@article{hinich1994deformation,
  title={Deformation theory and Lie algebra homology},
  author={Hinich, Vladimir and Schechtman, Vadim},
  journal={arXiv preprint alg-geom/9405013},
  year={1994}
}

@book{beilinson2004chiral,
  title={Chiral algebras},
  author={Beilinson, A. and Drinfeld, V.},
  volume={51},
  year={2004},
  publisher={American Mathematical Soc.}
}